@String{COLING98 = "Proceedings of the 17th International Conference on Computational Linguistics (COLING/ACL-98)"}
@String{COLING02 = "Proceedings of the 19th International Conference on Computational Linguistics (COLING-02)"}
@String{COLING08 = "Proceedings of the 22nd International Conference on Computational Linguistics (COLING-08)"}
@String{COLING10 = "Proceedings of the 23nd International Conference on Computational Linguistics (COLING-10)"}

@String{ACL96 = "Proceedings of the 34th Annual Conference of the Association for Computational Linguistics (ACL-96)"}
@String{ACL99 = "Proceedings of the 37th Annual Conference of the Association for Computational Linguistics (ACL-99)"}
@String{ACL03 = "Proceedings of the 41st Annual Conference of the Association for Computational Linguistics (ACL-03)"}
@String{ACL04 = "Proceedings of the 42st Annual Conference of the Association for Computational Linguistics (ACL-04)"}
@String{ACL07 = "Proceedings of the 45th Annual Conference of the Association for Computational Linguistics (ACL-07)"}
@String{ACL08 = "Proceedings of the 46th Annual Conference of the Association for Computational Linguistics (ACL-08)"}
@String{ACL10 = "Proceedings of the 48th Annual Conference of the Association for Computational Linguistics (ACL-10)"}
@String{ACL11 = "Proceedings of the 49th Annual Conference of the Association for Computational Linguistics (ACL-11)"}
@String{ACL12 = "Proceedings of the 50th Annual Conference of the Association for Computational Linguistics (ACL-12)"}

@String{IJCAI99 = "Proceedings of the 16th International Joint Conference on Artificial Intelligence (IJCAI-99)"}
@String{AAAI11 =  "Proceedings of the Association for the Advancement of Artificial Intelligence (AAAI-11)"}

@String{WWW02 = "Proceedings of the 11th International Conference on World Wide Web (WWW-02)"}
@String{WWW03 = "Proceedings of the 12th International Conference on World Wide Web (WWW-03)"}
@String{WWW06 = "Proceedings of the 15th International Conference on World Wide Web (WWW-06)"}
@String{WWW07 = "Proceedings of the 16th International Conference on World Wide Web (WWW-07)"}
@String{WWW11 = "Proceedings of the 20th International Conference on World Wide Web (WWW-11)"}


@String{NAACL04 = "Proceedings of the North American Chapter of the Association for Computational Linguistics - Human Language Technologies (HLT-NAACL '04)"}
@String{NAACL06 = "Proceedings of the North American Chapter of the Association for Computational Linguistics - Human Language Technologies (HLT-NAACL '06)"}
@String{NAACL07 = "Proceedings of the North American Chapter of the Association for Computational Linguistics - Human Language Technologies (HLT-NAACL '07)"}
@String{NAACL09 = "Proceedings of the North American Chapter of the Association for Computational Linguistics - Human Language Technologies (HLT-NAACL '09)"}
@String{NAACL10 = "Proceedings of the North American Chapter of the Association for Computational Linguistics - Human Language Technologies (HLT-NAACL '10)"}
@String{NAACL12 = "Proceedings of the North American Chapter of the Association for Computational Linguistics - Human Language Technologies (HLT-NAACL '12)"}

@String{ICML07 = "Proceedings of the 24th Annual International Conference on Machine Learning (ICML-07)"}

@String{CIKM97 = "Proceedings of the Sixth International Conference on Information and Knowledge Management (CIKM-97)"}

@String{EMNLP02 = "Proceedings of the Conference on Empirical Methods in Natural Language Processing (EMNLP-02)"}
@String{EMNLP04 = "Proceedings of the Conference on Empirical Methods in Natural Language Processing (EMNLP-04)"}
@String{EMNLP06 = "Proceedings of the Conference on Empirical Methods in Natural Language Processing (EMNLP-06)"}
@String{EMNLP10 = "Proceedings of the Conference on Empirical Methods in Natural Language Processing (EMNLP-10)"}
@String{EMNLP11 = "Proceedings of the Conference on Empirical Methods in Natural Language Processing (EMNLP-11)"}

@String{SIGIR95 = "Proceedings of the 18th Annual International ACM SIGIR Conference on Research and Development in Information Retrieval (SIGIR-95)"}
@String{SIGIR98 = "Proceedings of the 21st Annual International ACM SIGIR Conference on Research and Development in Information Retrieval (SIGIR-98)"}
@String{SIGIR08 = "Proceedings of the 31st Annual International ACM SIGIR Conference on Research and Development in Information Retrieval (SIGIR-08)"}
@String{PNAS = "Proceedings of the National Academy of Sciences (PNAS)"}

@String{ICDM06 = "Proceedings of the IEEE International  Conference on Data Mining (ICDM-06)"}

@String{LREC = "The International Conference on Language Resources and Evaluation (LREC)"}

@String{KDD05 = "Proceedings of the 11th ACM SIGKDD international conference on Knowledge Discovery and Data Mining (KDD-05)"}
@String{KDD07 = "Proceedings of the 13th ACM SIGKDD international conference on Knowledge Discovery and Data Mining (KDD-07)"}
@String{KDD09 = "Proceedings of the 15th ACM SIGKDD international conference on Knowledge Discovery and Data Mining (KDD-09)"}
@String{KDD10 = "Proceedings of the 16th ACM SIGKDD international conference on Knowledge Discovery and Data Mining (KDD-10)"}


@inproceedings{Banea2012,
author = {Banea, Carmen and Hassan, Samer and Mohler, Michael and Mihalcea, Rada},
booktitle = {Proceedings of the First Joint Conference on Lexical and Computational Semantics-Volume 1: Proceedings of the main conference and the shared task, and Volume 2: Proceedings of the Sixth International Workshop on Semantic Evaluation},
keywords = {SML-LIB-BIBLIO,text similarity},
mendeley-tags = {SML-LIB-BIBLIO,text similarity},
pages = {635--642},
publisher = {Association for Computational Linguistics},
title = {{Unt: A supervised synergistic approach to semantic text similarity}},
year = {2012}
}

@Proceedings{S13-1017,
author="Tiantian, Zhu
and Lan, Man",
title="ECNUCS: Measuring Short Text Semantic Equivalence Using Multiple Similarity Measurements",
series="Second Joint Conference on Lexical and Computational Semantics (*SEM), Volume 1: Proceedings of the Main Conference and the Shared Task: Semantic Textual Similarity",
year="2013",
publisher="Association for Computational Linguistics",
pages="124--131",
location="Atlanta, Georgia, USA",
url="http://aclweb.org/anthology/S13-1017"
}

@inproceedings{Wu:1994:VSL:981732.981751,
 author = {Wu, Zhibiao and Palmer, Martha},
 title = {Verbs Semantics and Lexical Selection},
 booktitle = {Proceedings of the 32Nd Annual Meeting on Association for Computational Linguistics},
 series = {ACL '94},
 year = {1994},
 location = {Las Cruces, New Mexico},
 pages = {133--138},
 numpages = {6},
 url = {http://dx.doi.org/10.3115/981732.981751},
 doi = {10.3115/981732.981751},
 acmid = {981751},
 publisher = {Association for Computational Linguistics},
 address = {Stroudsburg, PA, USA},
} 

@inproceedings{leacock1998combining,
  added-at = {2010-08-02T23:14:48.000+0200},
  address = {Cambridge, Massachusetts},
  author = {Leacock, C. and Chodorow, M.},
  biburl = {http://www.bibsonomy.org/bibtex/2087c974e471792dd1fa536aa6a75e0bc/asalber},
  booktitle = {MIT Press},
  editor = {Fellfaum, Christiane},
  interhash = {6b2f381ec5c192c9624d3ef3267097bf},
  intrahash = {087c974e471792dd1fa536aa6a75e0bc},
  keywords = {similarity similarity-semantic-wordnet},
  pages = {265--283},
  timestamp = {2010-08-02T23:14:48.000+0200},
  title = {Combining local context and WordNet similarity for word sense identification},
  year = 1998
}

@inproceedings{Resnik:1995:UIC:1625855.1625914,
 author = {Resnik, Philip},
 title = {Using Information Content to Evaluate Semantic Similarity in a Taxonomy},
 booktitle = {Proceedings of the 14th International Joint Conference on Artificial Intelligence - Volume 1},
 series = {IJCAI'95},
 year = {1995},
 isbn = {1-55860-363-8, 978-1-558-60363-9},
 location = {Montreal, Quebec, Canada},
 pages = {448--453},
 numpages = {6},
 url = {http://dl.acm.org/citation.cfm?id=1625855.1625914},
 acmid = {1625914},
 publisher = {Morgan Kaufmann Publishers Inc.},
 address = {San Francisco, CA, USA},
} 

@inproceedings{Jiang97taxonomySimilarity,
  added-at = {2010-03-12T16:18:27.000+0100},
  author = {Jiang, J.J. and Conrath, D.W.},
  biburl = {http://www.bibsonomy.org/bibtex/2c4ffc507dafc908eab62fde53f7e4f7a/sdo},
  booktitle = {Proc. of the Int'l. Conf. on Research in Computational Linguistics},
  description = {Jiang Conrath Ma√ü},
  file = {jiang1997ssb.pdf:jiang1997ssb.pdf:PDF},
  interhash = {175ec03ee8c47d4b2d0a083609a78e05},
  intrahash = {c4ffc507dafc908eab62fde53f7e4f7a},
  keywords = {1997 Conrath Jiang JiangConrath folksonomy lexical measure semantic similarity taxonomy},
  pages = {19--33},
  timestamp = {2010-03-12T16:18:27.000+0100},
  title = {Semantic similarity based on corpus statistics and lexical taxonomy},
  url = {http://www.cse.iitb.ac.in/~cs626-449/Papers/WordSimilarity/4.pdf},
  year = 1997
}

@inproceedings{Lin:1998:IDS:645527.657297,
 author = {Lin, Dekang},
 title = {An Information-Theoretic Definition of Similarity},
 booktitle = {Proceedings of the Fifteenth International Conference on Machine Learning},
 series = {ICML '98},
 year = {1998},
 isbn = {1-55860-556-8},
 pages = {296--304},
 numpages = {9},
 url = {http://dl.acm.org/citation.cfm?id=645527.657297},
 acmid = {657297},
 publisher = {Morgan Kaufmann Publishers Inc.},
 address = {San Francisco, CA, USA},
} 

